@manual{inmetro2003,
	Author = {INMETRO},
	Title = {Vocabulário internacional de termos fundamentais e gerais de
	metrologia},
	Year = {2013},
	Address = {Rio de Janeiro, Brasil},
	Pages = {75},
	isbn = {85-87090-90-9},
}

@article{koren2010collaborative,
  title={Collaborative filtering with temporal dynamics},
  author={Koren, Yehuda},
  journal={Communications of the ACM},
  volume={53},
  number={4},
  pages={89--97},
  year={2010},
  publisher={ACM}
}

@article{basile2015modeling,
  title={Modeling Short-Term Preferences in Time-Aware Recommender Systems},
  author={Basile, Pierpaolo and Caputo, Annalina and de Gemmis, Marco and Lops, Pasquale and Semeraro, Giovanni},
  journal={Proceedings of DeCAT},
  year={2015}
}

@inproceedings{ding2005time,
  title={Time weight collaborative filtering},
  author={Ding, Yi and Li, Xue},
  booktitle={Proceedings of the 14th ACM international conference on Information and knowledge management},
  pages={485--492},
  year={2005},
  organization={ACM}
}

@article{lee2008time,
  title={A time-based approach to effective recommender systems using implicit feedback},
  author={Lee, Tong Queue and Park, Young and Park, Yong-Tae},
  journal={Expert systems with applications},
  volume={34},
  number={4},
  pages={3055--3062},
  year={2008},
  publisher={Elsevier}
}


@article{da2005metodologia,
  title={Metodologia da pesquisa e elabora{\c{c}}{\~a}o de disserta{\c{c}}{\~a}o},
  author={da Silva, Edna L{\'u}cia and Menezes, Estera Muzkat},
  journal={UFSC, Florian{\'o}polis, 4a. edi{\c{c}}{\~a}o},
  year={2005}
}

@phdthesis{araujo2011apprecommender,
  title={AppRecommender: um recomendador de aplicativos GNU/Linux},
  author={Ara{\'u}jo, T{\'a}ssia Camoes},
  year={2011},
  school={Universidade de Sao Paulo}
}

@inproceedings{soviero1997,
	Author = {P. A. O. Soviero and L. G. M. Lavagna},
	Title = {A Numerical Model for Thin Airfoils in Unsteady Motion},
	Year = {1997},
	Pages = {332-340},
	Volume = {19},
	Number = {3},
	Booktitle = {Journal of the Brazilian Societyt Mechanical Sciences},	
}

@inproceedings{sparrow1980,
	Author = {E. M. Sparrow},
	Title = {Forced Convection Heat Transfer in a Duct Having Spanwise-Periodic
	Rectangular Protuberances},
	Year = {1980},
	Pages = {149-167},
	Volume = {3},
	Booktitle = {Numerical Heat Transfer},
}

@article{clark1986,
	Author = {J. A. Clark},
	Title = {Private Communication},
	Year = {1986},
	Address = {University of Michigan},
}

@article{arruda2007,
	Author = {M. B. B. Arruda},
	Title = {Como fazer referências: bibliográficas, eletrônicas e demais
	formas de documentos},
	Year = {2007},
	Url = {http://bu.ufsc.br/framerefer.html}
}

@article{coimbra1978,
	Author = {A. L. Coimbra},
	Title = {Lessons of Continuum Mechanics},
	Year = {1978},
	Address = {São Paulo, Brazil},
	Pages = {428},
	Editor = {Edgard Blücher},
}

@inproceedings{bordalo1989,
	Author = {S. N. Bordalo and J. H. Ferziger and S. J. Kline},
	Title = {The Development of Zonal Models for Turbulence},
	Year = {1989},
	Pages = {41-44},
	Booktitle = {Proceedings of the 10th Brazilian Congress of Mechanical
	Engineering}, 
	Volume = {1},	
}

@manual{NBR14724:2011,
	Address = {Rio de Janeiro},
	Date-Added = {2012-12-15 20:34:08 +0000},
	Date-Modified = {2012-12-15 20:35:25 +0000},
	Month = mar,
	Org-Short = {ABNT},
	Organization = {Associa{\c c}\~ao Brasileira de Normas T\'ecnicas},
	Pages = 15,
	Subtitle = {Informa{\c c}\~ao e documenta{\c c}\~ao --- trabalhos acad\^emicos --- apresenta{\c c}\~ao},
	Title = {{NBR} 14724},
	Year = 2011
}

@manual{NBR6034:2000,
	Address = {Rio de Janeiro},
	Org-Short = {ABNT},
	Organization = {Associa{\c c}\~ao Brasileira de Normas T\'ecnicas},
	Subtitle = {Informa{\c c}\~ao e documenta{\c c}\~ao --- Referências},
	Title = {{NBR} 14724},
	Year = 2000
}

